@article{greenwade93,
    author  = "George D. Greenwade",
    title   = "The {C}omprehensive {T}ex {A}rchive {N}etwork ({CTAN})",
    year    = "1993",
    journal = "TUGBoat",
    volume  = "14",
    number  = "3",
    pages   = "342--351"
}
@article{axelsson2000intrusion,
  title={Intrusion Detection Systems: A Survey and Taxonomy},
  author={Axelsson, Stefan},
  journal={IEEE Communications Surveys \& Tutorials},
  volume={2},
  number={4},
  pages={1--23},
  year={2000},
  publisher={IEEE}
}

@book{hair2019multivariate,
  title={Multivariate Data Analysis},
  author={Hair, Joseph F and Black, William C and Babin, Barry J and Anderson, Ronald E},
  year={2019},
  edition={8},
  publisher={Cengage Learning}
}

@misc{sklearn-train-test-split,
  title={Scikit-learn Documentation: train test split Function},
  howpublished = {\url{https://scikit-learn.org/stable/modules/generated/sklearn.model_selection.train_test_split.html}},
}


@misc{scikit-learn,
  title={Scikit-learn Documentation: Cross Validation Function},
  howpublished = {\url{https://scikit-learn.org/stable/modules/cross_validation.html}},
}

@misc{scikit-learn-visualization,
  title={Scikit-learn Documentation: Visualization},
  howpublished = {\url{https://scikit-learn.org/stable/visualizations.html}},
}

@book{hosmer2013applied,
  title={Applied Logistic Regression},
  author={Hosmer Jr, David W and Lemeshow, Stanley and Sturdivant, Rodney X},
  year={2013},
  publisher={John Wiley \& Sons}
}
